
@inproceedings{DBLP:conf/imw/BarfordBBC01,
  author    = {Paul Barford and
               Azer Bestavros and
               John W. Byers and
               Mark Crovella},
  title     = {On the marginal utility of network topology measurements},
  booktitle = {Internet Measurement Workshop},
  year      = {2001},
  pages     = {5-17},
  ee        = {http://doi.acm.org/10.1145/505202.505204},
  crossref  = {DBLP:conf/imw/2001},
  bibsource = {DBLP, http://dblp.uni-trier.de}
}

@proceedings{DBLP:conf/imw/2001,
  editor    = {Vern Paxson},
  title     = {Proceedings of the 1st ACM SIGCOMM Workshop on Internet
               Measurement 2001, San Francisco, California, USA, November
               1-2, 2001},
  booktitle = {Internet Measurement Workshop},
  publisher = {ACM},
  year      = {2001},
  isbn      = {1-58113-435-5},
  bibsource = {DBLP, http://dblp.uni-trier.de}
}




% TOP-DOWN APPROACH

@ARTICLE{vazquez-2002-65,
  author = {Alexei Vazquez and Romualdo Pastor-Satorras and Alessandro Vespignani},
  title = {Large-scale topological and dynamical properties of Internet},
  journal = {Physical Review E},
  volume = {65},
  pages = {066130},
  url = {http://www.citebase.org/abstract?id=oai:arXiv.org:cond-mat/0112400},
  year = {2002}
}

@article{citeulike:3580891,
	author = {Newman, Mark},
	citeulike-article-id = {3580891},
	citeulike-linkout-0 = {http://ptonline.aip.org/journals/doc/PHTOAD-ft/vol_61/iss_11/33_1.shtml},
	howpublished = {http://ptonline.aip.org/journals/doc/PHTOAD-ft/vol\_61/iss\_11/33\_1.shtml},
	journal = {Physics Today},
	keywords = {community, network, statistical},
	month = {November},
	posted-at = {2008-11-20 03:27:21},
	priority = {2},
	title = {The physics of networks},
	url = {http://ptonline.aip.org/journals/doc/PHTOAD-ft/vol_61/iss_11/33_1.shtml},
	year = {2008}
}

@Article{albert02statistical,
        author =   {R. Albert and A.-L. Barab\'asi},
        title =    {Statistical mechanics of complex networks},
        journal =  {Rev. Mod. Phys.},
        volume =   {74, 47},
        year =     {2002}
}

@Article{barabasi99emergence,
        author   = {A.-L. Barabasi and R. Albert},
        title    = {Emergence of scaling in random networks},
        journal  = {Science},
        volume   = {286},
        pages    = {509--512},
        year     = {1999}
}

% BOTTOM-UP APPROACH

@article{complexity2002carlson,
  author    = {J. M. Carlson and John Doyle},
  title     = {Complexity and robustness},
  journal   = {PNAS},
  volume    = {99},
  number    = {1},
  year      = {2002},
  pages     = {2538-2545}
}

@inproceedings{DBLP:conf/icalp/FabrikantKP02,
  author    = {Alex Fabrikant and
               Elias Koutsoupias and
               Christos H. Papadimitriou},
  title     = {Heuristically Optimized Trade-Offs: A New Paradigm for Power
               Laws in the Internet},
  booktitle = {ICALP},
  year      = {2002},
  pages     = {110-122},
  ee        = {http://link.springer.de/link/service/series/0558/bibs/2380/23800110.htm},
  crossref  = {DBLP:conf/icalp/2002},
  bibsource = {DBLP, http://dblp.uni-trier.de}
}

@inproceedings{DBLP:conf/sigcomm/LiAWD04,
  author    = {Lun Li and
               David Alderson and
               Walter Willinger and
               John Doyle},
  title     = {A first-principles approach to understanding the internet's
               router-level topology},
  booktitle = {SIGCOMM},
  year      = {2004},
  pages     = {3-14},
  ee        = {http://doi.acm.org/10.1145/1015467.1015470},
  crossref  = {DBLP:conf/sigcomm/2004},
  bibsource = {DBLP, http://dblp.uni-trier.de}
}

@inproceedings{DBLP:conf/sigcomm/TangmunarunkitGJSW02,
  author    = {Hongsuda Tangmunarunkit and
               Ramesh Govindan and
               Sugih Jamin and
               Scott Shenker and
               Walter Willinger},
  title     = {Network topology generators: degree-based vs. structural},
  booktitle = {SIGCOMM},
  year      = {2002},
  pages     = {147-159},
  ee        = {http://doi.acm.org/10.1145/633025.633040},
  crossref  = {DBLP:conf/sigcomm/2002},
  bibsource = {DBLP, http://dblp.uni-trier.de}
}

% ALIAS RESOLUTION


@TECHREPORT{spring04how,
    author       = {N. Spring and M. Dontcheva and M. Rodrig and D. Wetherall},
    title        = {How to resolve {IP} aliases},
    institution  = {Washington Univ. Computer Sci.},
    year         = {2004},
    type         = {Technical Report},
    number       = {04-05-04},
    address      = {},
    month        = {},
    note         = {},
}


@inproceedings{DBLP:conf/imc/BenderSS08,
  author    = {Adam Bender and
               Rob Sherwood and
               Neil Spring},
  title     = {Fixing ally's growing pains with velocity modeling},
  booktitle = {Internet Measurement Comference},
  year      = {2008},
  pages     = {337-342},
  ee        = {http://doi.acm.org/10.1145/1452520.1452560},
}

@inproceedings{DBLP:conf/sigcomm/SherwoodBS08,
  author    = {Rob Sherwood and
               Adam Bender and
               Neil Spring},
  title     = {Discarte: a disjunctive internet cartographer},
  booktitle = {SIGCOMM},
  year      = {2008},
  pages     = {303-314},
}

% INTERNET TOPOLOGY MEASUREMENT

@article{DBLP:journals/ton/SpringMWA04,
  author    = {Neil T. Spring and
               Ratul Mahajan and
               David Wetherall and
               Thomas E. Anderson},
  title     = {Measuring ISP topologies with rocketfuel},
  journal   = {IEEE/ACM Trans. Netw.},
  volume    = {12},
  number    = {1},
  year      = {2004},
  pages     = {2-16},
  ee        = {http://portal.acm.org/citation.cfm?id=973492.973494},
  bibsource = {DBLP, http://dblp.uni-trier.de}
}

@article{DBLP:journals/comsur/DonnetF07,
  author    = {Benoit Donnet and
               Timur Friedman},
  title     = {Internet topology discovery: A survey},
  journal   = {IEEE Communications Surveys and Tutorials},
  volume    = {9},
  number    = {1-4},
  year      = {2007},
  pages     = {56-69},
  ee        = {http://dl.comsoc.org/cocoon/comsoc/servlets/OntologySearch?query={\&}node=TOC1908{\&}render=false{\&}type=1},
  bibsource = {DBLP, http://dblp.uni-trier.de}
}

@article{DBLP:journals/ccr/ShavittS05,
  author    = {Yuval Shavitt and
               Eran Shir},
  title     = {DIMES: let the internet measure itself},
  journal   = {Computer Communication Review},
  volume    = {35},
  number    = {5},
  year      = {2005},
  pages     = {71-74},
  ee        = {http://doi.acm.org/10.1145/1096536.1096546},
  bibsource = {DBLP, http://dblp.uni-trier.de}
}

@inproceedings{DBLP:conf/infocom/GovindanT00,
  author    = {Ramesh Govindan and
               Hongsuda Tangmunarunkit},
  title     = {Heuristics for Internet Map Discovery},
  booktitle = {INFOCOM},
  year      = {2000},
  pages     = {1371-1380},
  ee        = {http://www.ieee-infocom.org/2000/papers/313.ps},
  bibsource = {DBLP, http://dblp.uni-trier.de}
}

% MESUREMENT BIAS

@article{DBLP:journals/tcs/DallAstaABVV06,
  author    = {Luca Dall'Asta and
               J. Ignacio Alvarez-Hamelin and
               Alain Barrat and
               Alexei V{\'a}zquez and
               Alessandro Vespignani},
  title     = {Exploring networks with traceroute-like probes: Theory and
               simulations},
  journal   = {Theor. Comput. Sci.},
  volume    = {355},
  number    = {1},
  year      = {2006},
  pages     = {6-24},
  ee        = {http://dx.doi.org/10.1016/j.tcs.2005.12.009},
  bibsource = {DBLP, http://dblp.uni-trier.de}
}

@article{DBLP:journals/jacm/AchlioptasCKM09,
  author    = {Dimitris Achlioptas and
               Aaron Clauset and
               David Kempe and
               Cristopher Moore},
  title     = {On the bias of traceroute sampling: or, power-law degree
               distributions in regular graphs},
  journal   = {J. ACM},
  volume    = {56},
  number    = {4},
  year      = {2009},
  ee        = {http://doi.acm.org/10.1145/1538902.1538905},
  bibsource = {DBLP, http://dblp.uni-trier.de}
}



% RIGOROUS INTERNET MEASUREMENT

@inproceedings{DBLP:conf/imc/HeidemannPGPBB08,
  author    = {John S. Heidemann and
               Yuri Pryadkin and
               Ramesh Govindan and
               Christos Papadopoulos and
               Genevieve Bartlett and
               Joseph A. Bannister},
  title     = {Census and survey of the visible internet},
  booktitle = {Internet Measurement Comference},
  year      = {2008},
  pages     = {169-182},
  ee        = {http://doi.acm.org/10.1145/1452520.1452542},
  crossref  = {DBLP:conf/imc/2008},
  bibsource = {DBLP, http://dblp.uni-trier.de}
}

@inproceedings{DBLP:conf/infocom/GovindanR97,
  author    = {Ramesh Govindan and
               Anoop Reddy},
  title     = {An Analysis of Internet Inter-Domain Topology and Route
               Stability},
  booktitle = {INFOCOM},
  year      = {1997},
  pages     = {850-857},
  bibsource = {DBLP, http://dblp.uni-trier.de}
}

@article{DBLP:journals/cn/VigerACMLFT08,
  author    = {Fabien Viger and
               Brice Augustin and
               Xavier Cuvellier and
               Cl{\'e}mence Magnien and
               Matthieu Latapy and
               Timur Friedman and
               Renata Teixeira},
  title     = {Detection, understanding, and prevention of traceroute measurement
               artifacts},
  journal   = {Computer Networks},
  volume    = {52},
  number    = {5},
  year      = {2008},
  pages     = {998-1018},
  ee        = {http://dx.doi.org/10.1016/j.comnet.2007.11.017},
  bibsource = {DBLP, http://dblp.uni-trier.de}
}

@inproceedings{DBLP:conf/imc/AugustinCOVFLMT06,
  author    = {Brice Augustin and
               Xavier Cuvellier and
               Benjamin Orgogozo and
               Fabien Viger and
               Timur Friedman and
               Matthieu Latapy and
               Cl{\'e}mence Magnien and
               Renata Teixeira},
  title     = {Avoiding traceroute anomalies with Paris traceroute},
  booktitle = {Internet Measurement Conference},
  year      = {2006},
  pages     = {153-158}
}

@inproceedings{DBLP:conf/cocoon/VigerL05,
  author    = {Fabien Viger and
               Matthieu Latapy},
  title     = {Efficient and Simple Generation of Random Simple Connected
               Graphs with Prescribed Degree Sequence},
  booktitle = {COCOON},
  year      = {2005},
  pages     = {440-449},
  ee        = {http://dx.doi.org/10.1007/11533719_45},
  crossref  = {DBLP:conf/cocoon/2005},
  bibsource = {DBLP, http://dblp.uni-trier.de}
}

@book{internetbookvespignani,
 author = {Pastor-Satorras, Romualdo and Vespignani, Alessandro},
 title = {Evolution and Structure of the Internet: A Statistical Physics Approach},
 year = {2004},
 isbn = {0521826985},
 publisher = {Cambridge University Press},
 address = {New York, NY, USA},
 }

@article{willinger,
	author = {Willinger, Walter and Alderson, David and Doyle, John C.},
	citeulike-article-id = {4411967},
	citeulike-linkout-0 = {http://www.ams.org/notices/200905/rtx090500586p.pdf},
	journal = {Notices of the AMS},
	keywords = {evidence, graph-theory, internet},
	month = {May},
	number = {5},
	posted-at = {2009-05-08 22:30:50},
	priority = {0},
	title = {Mathematics and the Internet: A Source of Enormous Confusion and Great Potential},
	url = {http://www.ams.org/notices/200905/rtx090500586p.pdf},
	volume = {56},
	pages = {586-599},
	year = {2009}
}

@article{DBLP:journals/ton/StutzbachRDSW09,
  author    = {Daniel Stutzbach and
               Reza Rejaie and
               Nick G. Duffield and
               Subhabrata Sen and
               Walter Willinger},
  title     = {On unbiased sampling for unstructured peer-to-peer networks},
  journal   = {IEEE/ACM Trans. Netw.},
  volume    = {17},
  number    = {2},
  year      = {2009},
  pages     = {377-390},
  ee        = {http://doi.acm.org/10.1145/1552193.1552195},
  bibsource = {DBLP, http://dblp.uni-trier.de}
}

@inproceedings{DBLP:conf/sigmetrics/ChangGJSW02,
  author    = {Hyunseok Chang and
               Ramesh Govindan and
               Sugih Jamin and
               Scott Shenker and
               Walter Willinger},
  title     = {Towards capturing representative AS-level Internet topologies},
  booktitle = {SIGMETRICS},
  year      = {2002},
  pages     = {280-281},
  ee        = {http://doi.acm.org/10.1145/511334.511380},
  crossref  = {DBLP:conf/sigmetrics/2002},
  bibsource = {DBLP, http://dblp.uni-trier.de}
}

@inproceedings{DBLP:conf/sigmetrics/OliveiraPWZZ08,
  author    = {Ricardo V. Oliveira and
               Dan Pei and
               Walter Willinger and
               Beichuan Zhang and
               Lixia Zhang},
  title     = {In search of the elusive ground truth: the internet's as-level
               connectivity structure},
  booktitle = {SIGMETRICS},
  year      = {2008},
  pages     = {217-228},
  ee        = {http://doi.acm.org/10.1145/1375457.1375482},
  crossref  = {DBLP:conf/sigmetrics/2008},
  bibsource = {DBLP, http://dblp.uni-trier.de}
}

@article{DBLP:journals/ccr/KrioukovCFCVW07,
  author    = {Dmitri V. Krioukov and
               Kimberly C. Claffy and
               Marina Fomenkov and
               Fan R. K. Chung and
               Alessandro Vespignani and
               Walter Willinger},
  title     = {The workshop on internet topology (wit) report},
  journal   = {Computer Communication Review},
  volume    = {37},
  number    = {1},
  year      = {2007},
  pages     = {69-73},
  ee        = {http://doi.acm.org/10.1145/1198255.1198267},
  bibsource = {DBLP, http://dblp.uni-trier.de}
}

@article{280555,
 author = {Pansiot, Jean-Jacques and Grad, Dominique},
 title = {On routes and multicast trees in the Internet},
 journal = {SIGCOMM Comput. Commun. Rev.},
 volume = {28},
 number = {1},
 year = {1998},
 issn = {0146-4833},
 pages = {41--50},
 doi = {http://doi.acm.org/10.1145/280549.280555},
 publisher = {ACM},
 address = {New York, NY, USA},
 }

@inproceedings{DBLP:conf/infocom/LatapyM08,
  author    = {Matthieu Latapy and
               Cl{\'e}mence Magnien},
  title     = {Complex Network Measurements: Estimating the Relevance of
               Observed Properties},
  booktitle = {INFOCOM},
  year      = {2008},
  pages     = {1660-1668},
  ee        = {http://dx.doi.org/10.1109/INFOCOM.2008.227},
  crossref  = {DBLP:conf/infocom/2008},
  bibsource = {DBLP, http://dblp.uni-trier.de}
}

@article{DBLP:journals/cn/GuillaumeLM06,
  author    = {Jean-Loup Guillaume and
               Matthieu Latapy and
               Damien Magoni},
  title     = {Relevance of massively distributed explorations of the Internet
               topology: Qualitative results},
  journal   = {Computer Networks},
  volume    = {50},
  number    = {16},
  year      = {2006},
  pages     = {3197-3224},
  ee        = {http://dx.doi.org/10.1016/j.comnet.2005.12.010},
  bibsource = {DBLP, http://dblp.uni-trier.de}
}

@inproceedings{DBLP:conf/infocom/GuillaumeL05,
  author    = {Jean-Loup Guillaume and
               Matthieu Latapy},
  title     = {Relevance of massively distributed explorations of the Internet
               topology: simulation results},
  booktitle = {INFOCOM},
  year      = {2005},
  pages     = {1084-1094},
  ee        = {http://dx.doi.org/10.1109/INFCOM.2005.1498336},
  crossref  = {DBLP:conf/infocom/2005},
  bibsource = {DBLP, http://dblp.uni-trier.de}
}

@inproceedings{DBLP:conf/sigcomm/FaloutsosFF99,
  author    = {Michalis Faloutsos and
               Petros Faloutsos and
               Christos Faloutsos},
  title     = {On Power-law Relationships of the Internet Topology},
  booktitle = {SIGCOMM},
  year      = {1999},
  pages     = {251-262},
  ee        = {http://doi.acm.org/10.1145/316188.316229},
  bibsource = {DBLP, http://dblp.uni-trier.de}
}

@inproceedings{DBLP:conf/infocom/LakhinaBCX03,
  author    = {Anukool Lakhina and
               John W. Byers and
               Mark Crovella and
               Peng Xie},
  title     = {Sampling Biases in IP Topology Measurements},
  booktitle = {INFOCOM},
  year      = {2003},
  ee        = {http://www.ieee-infocom.org/2003/papers/09_01.PDF},
  bibsource = {DBLP, http://dblp.uni-trier.de}
}

@inproceedings{DBLP:conf/sigcomm/MaoRWK03,
  author    = {Zhuoqing Morley Mao and
               Jennifer Rexford and
               Jia Wang and
               Randy H. Katz},
  title     = {Towards an accurate AS-level traceroute tool},
  booktitle = {SIGCOMM},
  year      = {2003},
  pages     = {365-378},
  ee        = {http://doi.acm.org/10.1145/863955.863996},
  crossref  = {DBLP:conf/sigcomm/2003},
  bibsource = {DBLP, http://dblp.uni-trier.de}
}


@misc{planetlab,
  author = "PlanetLab Consortium",
  title = {\url{http://www.planet-lab.org/}},
  year = "2009"}


%%%%%%%%%%%%%%%%%%%%%%%%%%%%
% Proceedings

@proceedings{DBLP:conf/sigcomm/2003,
  editor    = {Anja Feldmann and
               Martina Zitterbart and
               Jon Crowcroft and
               David Wetherall},
  title     = {Proceedings of the ACM SIGCOMM 2003 Conference on Applications,
               Technologies, Architectures, and Protocols for Computer
               Communication, August 25-29, 2003, Karlsruhe, Germany},
  booktitle = {SIGCOMM},
  publisher = {ACM},
  year      = {2003},
  isbn      = {1-58113-735-4},
  bibsource = {DBLP, http://dblp.uni-trier.de}
}

@proceedings{DBLP:conf/imc/2008,
  editor    = {Konstantina Papagiannaki and
               Zhi-Li Zhang},
  title     = {Proceedings of the 8th ACM SIGCOMM Conference on Internet
               Measurement 2008, Vouliagmeni, Greece, October 20-22, 2008},
  booktitle = {Internet Measurement Conference},
  publisher = {ACM},
  year      = {2008},
  isbn      = {978-1-60558-334-1},
  bibsource = {DBLP, http://dblp.uni-trier.de}
}

@proceedings{DBLP:conf/infocom/2005,
  title     = {INFOCOM 2005. 24th Annual Joint Conference of the IEEE Computer
               and Communications Societies, 13-17 March 2005, Miami, FL,
               USA},
  booktitle = {INFOCOM},
  publisher = {IEEE},
  year      = {2005},
  bibsource = {DBLP, http://dblp.uni-trier.de}
}

@proceedings{DBLP:conf/sigcomm/2008,
  editor    = {Victor Bahl and
               David Wetherall and
               Stefan Savage and
               Ion Stoica},
  title     = {Proceedings of the ACM SIGCOMM 2008 Conference on Applications,
               Technologies, Architectures, and Protocols for Computer
               Communications, Seattle, WA, USA, August 17-22, 2008},
  booktitle = {SIGCOMM},
  publisher = {ACM},
  year      = {2008},
  isbn      = {978-1-60558-175-0},
  bibsource = {DBLP, http://dblp.uni-trier.de}
}

@proceedings{DBLP:conf/imc/2006,
  editor    = {Jussara M. Almeida and
               Virg\'{\i}lio A. F. Almeida and
               Paul Barford},
  title     = {Proceedings of the 6th ACM SIGCOMM Conference on Internet
               Measurement 2006, Rio de Janeriro, Brazil, October 25-27,
               2006},
  booktitle = {Internet Measurement Conference},
  publisher = {ACM},
  year      = {2006},
  isbn      = {1-59593-561-4},
  bibsource = {DBLP, http://dblp.uni-trier.de}
}

@proceedings{DBLP:conf/cocoon/2005,
  editor    = {Lusheng Wang},
  title     = {Computing and Combinatorics, 11th Annual International Conference,
               COCOON 2005, Kunming, China, August 16-29, 2005, Proceedings},
  booktitle = {COCOON},
  publisher = {Springer},
  series    = {Lecture Notes in Computer Science},
  volume    = {3595},
  year      = {2005},
  isbn      = {3-540-28061-8},
  bibsource = {DBLP, http://dblp.uni-trier.de}
}

@proceedings{DBLP:conf/sigmetrics/2002,
  title     = {Proceedings of the International Conference on Measurements
               and Modeling of Computer Systems, SIGMETRICS 2002, June
               15-19, 2002, Marina Del Rey, California, USA},
  publisher = {ACM},
  year      = {2002},
  bibsource = {DBLP, http://dblp.uni-trier.de}
}

@proceedings{DBLP:conf/sigmetrics/2008,
  editor    = {Zhen Liu and
               Vishal Misra and
               Prashant J. Shenoy},
  title     = {Proceedings of the 2008 ACM SIGMETRICS International Conference
               on Measurement and Modeling of Computer Systems, SIGMETRICS
               2008, Annapolis, MD, USA, June 2-6, 2008},
  booktitle = {SIGMETRICS},
  publisher = {ACM},
  year      = {2008},
  isbn      = {978-1-60558-005-0},
  bibsource = {DBLP, http://dblp.uni-trier.de}
}

@proceedings{DBLP:conf/infocom/2008,
  title     = {INFOCOM 2008. 27th IEEE International Conference on Computer
               Communications, Joint Conference of the IEEE Computer and
               Communications Societies, 13-18 April 2008, Phoenix, AZ,
               USA},
  booktitle = {INFOCOM},
  publisher = {IEEE},
  year      = {2008},
  bibsource = {DBLP, http://dblp.uni-trier.de}
}

@proceedings{DBLP:conf/sigcomm/2002,
  title     = {Proceedings of the ACM SIGCOMM 2002 Conference on Applications,
               Technologies, Architectures, and Protocols for Computer
               Communication, August 19-23, 2002, Pittsburgh, PA, USA},
  booktitle = {SIGCOMM},
  publisher = {ACM},
  year      = {2002},
  isbn      = {1-58113-570-X},
  bibsource = {DBLP, http://dblp.uni-trier.de}
}

@proceedings{DBLP:conf/sigcomm/2004,
  editor    = {Raj Yavatkar and
               Ellen W. Zegura and
               Jennifer Rexford},
  title     = {Proceedings of the ACM SIGCOMM 2004 Conference on Applications,
               Technologies, Architectures, and Protocols for Computer
               Communication, August 30 - September 3, 2004, Portland,
               Oregon, USA},
  booktitle = {SIGCOMM},
  publisher = {ACM},
  year      = {2004},
  isbn      = {1-58113-862-8},
  bibsource = {DBLP, http://dblp.uni-trier.de}
}

@proceedings{DBLP:conf/icalp/2002,
  editor    = {Peter Widmayer and
               Francisco Triguero Ruiz and
               Rafael Morales Bueno and
               Matthew Hennessy and
               Stephan Eidenbenz and
               Ricardo Conejo},
  title     = {Automata, Languages and Programming, 29th International
               Colloquium, ICALP 2002, Malaga, Spain, July 8-13, 2002,
               Proceedings},
  booktitle = {ICALP},
  publisher = {Springer},
  series    = {Lecture Notes in Computer Science},
  volume    = {2380},
  year      = {2002},
  isbn      = {3-540-43864-5},
  bibsource = {DBLP, http://dblp.uni-trier.de}
}
